
@inproceedings{mlir,
  author={Lattner, Chris and Amini, Mehdi and Bondhugula, Uday and Cohen, Albert and Davis, Andy and Pienaar, Jacques and Riddle, River and Shpeisman, Tatiana and Vasilache, Nicolas and Zinenko, Oleksandr},
  booktitle={2021 {{IEEE/ACM}} International Symposium on Code Generation and Optimization (CGO)},
  title={{{MLIR}}: Scaling Compiler Infrastructure for Domain Specific Computation},
  year={2021},
  volume={},
  number={},
  pages={2-14},
  doi={10.1109/CGO51591.2021.9370308}
}

@article{Reissmann2020,
  doi = {10.1145/3391902},
  url = {https://doi.org/10.1145/3391902},
  year = {2020},
  month = nov,
  publisher = {Association for Computing Machinery ({ACM})},
  volume = {19},
  number = {6},
  pages = {1--28},
  author = {Nico Reissmann and Jan Christian Meyer and Helge Bahmann and Magnus Sj\"{a}lander},
  title = {{RVSDG: An Intermediate Representation for Optimizing Compilers}},
  journal = {{ACM} Transactions on Embedded Computing Systems}
}

@inproceedings{Reissmann2018_multi-core,
author = {Reissmann, Nico and Meyer, Jan and Sj√§lander, Magnus},
year = {2018},
month = {11},
pages = {},
title = {RVSDG: An Intermediate Representation for the Multi-Core Era}
}

@InProceedings{LLVM:CGO04,
    author    = {Chris Lattner and Vikram Adve},
    title     = "{LLVM: A Compilation Framework for Lifelong Program Analysis \& Transformation}",
    booktitle = "{Proceedings of the 2004 International Symposium on Code Generation and Optimization (CGO'04)}",
    address   = {Palo Alto, California},
    month     = {Mar},
    year      = {2004}
}

@MastersThesis{Lattner:MSThesis02,
    author  = {Chris Lattner},
    title   = "{LLVM: An Infrastructure for Multi-Stage Optimization}",
    school  = "{Computer Science Dept., University of Illinois at Urbana-Champaign}",
    year    = {2002},
    address = {Urbana, IL},
    month   = {Dec},
    note    = {{\em See {\tt http://llvm.cs.uiuc.edu}.}}
}
