
@misc{noauthor_opaque_nodate,
	title = {Opaque {Pointers} — {LLVM} 17.0.0git documentation},
	url = {https://llvm.org/docs/OpaquePointers.html},
	urldate = {2023-03-07},
}

@misc{noauthor_rfc_2022,
	title = {[{RFC}] {Unify} memory effect attributes},
	url = {https://discourse.llvm.org/t/rfc-unify-memory-effect-attributes/65579},
	abstract = {Status Quo Currently, memory effects for functions/calls are specified using two sets of attributes:  \# Kind of access readnone readonly writeonly  \# Accessed location argmemonly inaccessiblememonly inaccessiblemem\_or\_argmemonly  This representation is imprecise: For example, if a function can read any memory, but only write argument memory, there is no way to represent this right now. We can neither restrict the access kind, nor the accessed location.  Additionally, the current representation ...},
	language = {en},
	urldate = {2023-03-07},
	journal = {LLVM Discussion Forums},
	month = sep,
	year = {2022},
	note = {Section: IR \& Optimizations},
}

@misc{mlir_declarative_assembly_format,
	title = {Operation {Definition} {Specification} ({ODS}) - {MLIR}},
	url = {https://mlir.llvm.org/docs/DefiningDialects/Operations/#declarative-assembly-format},
	urldate = {2022-12-09},
}

@misc{mlir_testing_guide,
	title = {Testing {Guide} - {MLIR}},
	url = {https://mlir.llvm.org/getting_started/TestingGuide/},
	urldate = {2022-12-05},
}

@misc{mlir_language_server,
	title = {{MLIR} : {Language} {Server} {Protocol} - {MLIR}},
	url = {https://mlir.llvm.org/docs/Tools/MLIRLSP/},
	urldate = {2022-12-04},
}

@misc{reissmann_phatejlm-eval-suite_2022,
	title = {phate/jlm-eval-suite},
	url = {https://github.com/phate/jlm-eval-suite},
	abstract = {Evaluation suite for JLM},
	urldate = {2022-12-03},
	author = {Reissmann, Nico},
	month = may,
	year = {2022},
	note = {original-date: 2019-07-01T12:43:52Z},
}

@misc{mlir_func_dialect,
	title = {'func' {Dialect} - {MLIR}},
	url = {https://mlir.llvm.org/docs/Dialects/Func/},
	urldate = {2022-12-02},
}

@misc{mlir_symbol_table,
	title = {Symbols and {Symbol} {Tables} - {MLIR}},
	url = {https://mlir.llvm.org/docs/SymbolsAndSymbolTables/},
	urldate = {2022-12-02},
}

@misc{mlir_tablegen_ods,
	title = {Operation {Definition} {Specification} ({ODS}) - {MLIR}},
	url = {https://mlir.llvm.org/docs/OpDefinitions/},
	urldate = {2022-12-02},
}

@misc{llvm_tablegen,
	title = {{TableGen} {Overview} — {LLVM} 16.0.0git documentation},
	url = {https://llvm.org/docs/TableGen/},
	urldate = {2022-12-02},
}

@misc{mlir_lang_ref,
	title = {{MLIR} {Language} {Reference} - {MLIR}},
	url = {https://mlir.llvm.org/docs/LangRef/},
	urldate = {2022-11-30},
}

@misc{noauthor_creating_nodate,
	title = {Creating a {Dialect} - {MLIR}},
	url = {https://mlir.llvm.org/docs/Tutorials/CreatingADialect/},
	urldate = {2022-11-29},
}

@misc{noauthor_mlir_nodate,
	title = {{MLIR}},
	url = {https://mlir.llvm.org/},
	urldate = {2022-11-28},
}

@misc{noauthor_circt_nodate,
	title = {{CIRCT}},
	url = {https://circt.llvm.org/},
	urldate = {2022-11-28},
}

@misc{reissmann_github_2022,
	title = {{GitHub} - phate/jlm-eval-suite at f85ae7baa4708fd2f231c4cdc916614e1e40a5c8},
	url = {https://github.com/phate/jlm-eval-suite/tree/f85ae7baa4708fd2f231c4cdc916614e1e40a5c8},
	urldate = {2022-11-28},
	author = {Reissmann, Nico},
	month = may,
	year = {2022},
}

@misc{mlir_llvm_dialect,
	title = {'llvm' {Dialect} - {MLIR}},
	url = {https://mlir.llvm.org/docs/Dialects/LLVM/},
	urldate = {2022-11-25},
}

@misc{llvm_lang_ref,
	title = {{LLVM} {Language} {Reference} {Manual} — {LLVM} 16.0.0git documentation},
	url = {https://llvm.org/docs/LangRef.html},
	urldate = {2022-11-23},
}

@misc{llvm_homepage,
	title = {The {LLVM} {Compiler} {Infrastructure} {Project}},
	url = {https://llvm.org/},
	urldate = {2022-11-23},
	keywords = {compiler, llvm, prosjektoppgave},
}

@misc{llvm_users,
	title = {{LLVM} users},
	url = {https://llvm.org/Users.html},
	urldate = {2022-11-23},
}

@misc{noauthor_julia_nodate,
	title = {The {Julia} {Programming} {Language}},
	url = {https://julialang.org/},
	urldate = {2022-11-23},
	keywords = {julia, prosjektoppgave},
}

@misc{noauthor_clang_nodate,
	title = {Clang {C} {Language} {Family} {Frontend} for {LLVM}},
	url = {https://clang.llvm.org/},
	urldate = {2022-11-23},
	keywords = {c, c++, clang, compiler, llvm, prosjektoppgave},
}
